<record><leader>00000cas a2200000 a 4500</leader><controlfield tag="001">5085535</controlfield><controlfield tag="008">790620c19639999njuwr ne      0   a0eng d</controlfield><datafield ind1=" " ind2=" " tag="010"><subfield code="a">sn 79003098 </subfield></datafield><datafield ind1=" " ind2=" " tag="040"><subfield code="a">NSD</subfield><subfield code="b">eng</subfield><subfield code="c">NSD</subfield><subfield code="d">NJW</subfield><subfield code="d">OCL</subfield><subfield code="d">OCLCQ</subfield></datafield><datafield ind1=" " ind2=" " tag="012"><subfield code="k">1</subfield><subfield code="m">d</subfield></datafield><datafield ind1="1" ind2=" " tag="022"><subfield code="a">0192-5741</subfield><subfield code="l">0192-5741</subfield><subfield code="2">1</subfield></datafield><datafield ind1=" " ind2=" " tag="032"><subfield code="a">085050</subfield><subfield code="b">USPS</subfield></datafield><datafield ind1=" " ind2=" " tag="037"><subfield code="b">219 Central Ave., P.O. Box 1061, Rahway, NJ 07065</subfield></datafield><datafield ind1=" " ind2=" " tag="042"><subfield code="a">nsdp</subfield></datafield><datafield ind1=" " ind2="4" tag="222"><subfield code="a">The Atom tabloid. Middlesex County edition</subfield></datafield><datafield ind1="0" ind2="4" tag="245"><subfield code="a">The Atom tabloid.</subfield></datafield><datafield ind1=" " ind2=" " tag="250"><subfield code="a">Middlesex County ed.</subfield></datafield><datafield ind1=" " ind2=" " tag="260"><subfield code="a">Rahway, N.J. :</subfield><subfield code="b">[Shore News, Inc.]</subfield></datafield><datafield ind1="1" ind2=" " tag="362"><subfield code="a">Began with Feb. 20, 1963 issue.</subfield></datafield><datafield ind1=" " ind2=" " tag="500"><subfield code="a">Published in Avenel, N.J., 1963-&lt;1966&gt;; in Garwood, N.J., &lt;1966-1972&gt;.</subfield></datafield><datafield ind1=" " ind2=" " tag="588"><subfield code="a">Description based on: Vol. 11, no. 8 (Feb. 17, 1965).</subfield></datafield><datafield ind1=" " ind2=" " tag="752"><subfield code="a">United States</subfield><subfield code="b">New Jersey</subfield><subfield code="c">Middlesex</subfield><subfield code="d">Avenel.</subfield></datafield><datafield ind1=" " ind2=" " tag="752"><subfield code="a">United States</subfield><subfield code="b">New Jersey</subfield><subfield code="c">Union</subfield><subfield code="d">Garwood.</subfield></datafield><datafield ind1=" " ind2=" " tag="752"><subfield code="a">United States</subfield><subfield code="b">New Jersey</subfield><subfield code="c">Union</subfield><subfield code="d">Rahway.</subfield></datafield><datafield ind1="0" ind2="0" tag="780"><subfield code="t">Atom tabloid shopper</subfield></datafield><datafield ind1=" " ind2=" " tag="936"><subfield code="a">Apr. 18, 1979</subfield></datafield></record>